<?xml version = "1.0" encoding = "UTF-8"?><record>
  <leader>01741nam#a2200337#c#4500</leader>
  <controlfield tag="005">20210408104105.0</controlfield>
  <controlfield tag="007">tu</controlfield>
  <controlfield tag="008">960905|1991####xx############|||#|#####c</controlfield>
  <controlfield tag="003">DE-605</controlfield>
  <controlfield tag="001">990111599060206441</controlfield>
  <datafield tag="035" ind1=" " ind2=" ">
    <subfield code="a">(DE-605)BT000113394</subfield>
  </datafield>
  <datafield tag="040" ind1=" " ind2=" ">
    <subfield code="a">HBZ/NWBibOff</subfield>
    <subfield code="b">ger</subfield>
    <subfield code="d">HBZ/NWBib</subfield>
    <subfield code="e">rakwb</subfield>
  </datafield>
  <datafield tag="084" ind1=" " ind2=" ">
    <subfield code="a">Ennepe-Ruhr-Kreis</subfield>
    <subfield code="0">https://nwbib.de/spatial#Q11280</subfield>
    <subfield code="2">nwbib</subfield>
  </datafield>
  <datafield tag="084" ind1=" " ind2=" ">
    <subfield code="a">Kreis Unna</subfield>
    <subfield code="0">https://nwbib.de/spatial#Q6163</subfield>
    <subfield code="2">nwbib</subfield>
  </datafield>
  <datafield tag="084" ind1=" " ind2=" ">
    <subfield code="a">Gelsenkirchen</subfield>
    <subfield code="0">https://nwbib.de/spatial#Q2765</subfield>
    <subfield code="2">nwbib</subfield>
  </datafield>
  <datafield tag="084" ind1=" " ind2=" ">
    <subfield code="a">Ruhrgebiet</subfield>
    <subfield code="0">https://nwbib.de/spatial#N20</subfield>
    <subfield code="2">nwbib</subfield>
  </datafield>
  <datafield tag="084" ind1=" " ind2=" ">
    <subfield code="a">Landesbeschreibungen</subfield>
    <subfield code="0">https://nwbib.de/subjects#N102000</subfield>
    <subfield code="2">nwbib</subfield>
  </datafield>
  <datafield tag="245" ind1="0" ind2="0">
    <subfield code="a">Unser Ruhrgebiet</subfield>
    <subfield code="b">Arbeitsb&#252;cher f&#252;r d. Sachunterricht im 3. u. 4. Schuljahr &#252;ber d. St&#228;dte u. Kreise d. Ruhrgebiets</subfield>
    <subfield code="c">erarb. u. hrsg. von e. Arbeitskreis unter Mitw. d. Kommunalverb. Ruhrgebiet. Koordination: Ferdy Fischer.</subfield>
  </datafield>
  <datafield tag="264" ind1=" " ind2="1">
    <subfield code="a">M&#252;nster</subfield>
    <subfield code="b">Aschendorff</subfield>
    <subfield code="c">1991</subfield>
  </datafield>
  <datafield tag="500" ind1=" " ind2=" ">
    <subfield code="a">Zugeh&#246;rige B&#228;nde: Unser Ennepe-Ruhr-Kreis / von Ulrike B&#246;ller ... - 1991. - 131 S. : zahlr. Ill., graph. Darst., Kt. - ISBN 3-402-02763-1</subfield>
    <subfield code="9">F:517</subfield>
  </datafield>
  <datafield tag="500" ind1=" " ind2=" ">
    <subfield code="a">Unser Kreis Unna / von Rudi Sangel. - 1991. - 132 S. : zahlr. Ill., graph. Darst., Kt. - ISBN 3-402-02772-0</subfield>
    <subfield code="9">F:517</subfield>
  </datafield>
  <datafield tag="500" ind1=" " ind2=" ">
    <subfield code="a">Unsere Stadt Gelsenkirchen / von Rolf Cadenbach. - 2. Aufl. - 1991. - 112 S., [3] Bl. : zahlr. Ill., graph. Darst., Kt. - ISBN 3-402-02765-8</subfield>
    <subfield code="9">F:517</subfield>
  </datafield>
  <datafield tag="689" ind1="0" ind2="0">
    <subfield code="a">Ruhrgebiet</subfield>
    <subfield code="a">Landesbeschreibungen</subfield>
  </datafield>
  <datafield tag="700" ind1="1" ind2=" ">
    <subfield code="a">B&#246;ller, Ulrike</subfield>
    <subfield code="4">oth</subfield>
  </datafield>
  <datafield tag="700" ind1="1" ind2=" ">
    <subfield code="a">Sangel, Rudi</subfield>
    <subfield code="4">oth</subfield>
    <subfield code="e">Bearb.</subfield>
  </datafield>
  <datafield tag="700" ind1="1" ind2=" ">
    <subfield code="a">Fischer, Ferdy</subfield>
    <subfield code="d">1936-</subfield>
    <subfield code="0">(DE-588)124418376</subfield>
    <subfield code="4">edt</subfield>
    <subfield code="0">(uri) https://portal.dnb.de/opac.htm?method=simpleSearch&amp;cqlMode=true&amp;query=idn=124418376</subfield>
    <subfield code="0">(uri) http://viaf.org/viaf/sourceID/DNB|124418376</subfield>
    <subfield code="B">GND-124418376</subfield>
  </datafield>
  <datafield tag="700" ind1="1" ind2=" ">
    <subfield code="a">Cadenbach, Rolf</subfield>
    <subfield code="4">oth</subfield>
    <subfield code="e">Bearb.</subfield>
  </datafield>
  <datafield tag="960" ind1="1" ind2=" ">
    <subfield code="n">NWBib</subfield>
  </datafield>
  <datafield tag="964" ind1="0" ind2="s">
    <subfield code="F">030</subfield>
    <subfield code="A">a|1uc||||||37</subfield>
  </datafield>
  <datafield tag="964" ind1="0" ind2="s">
    <subfield code="F">050</subfield>
    <subfield code="A">a|||||||||||||</subfield>
  </datafield>
  <datafield tag="964" ind1="0" ind2="s">
    <subfield code="F">051</subfield>
    <subfield code="A">m|||||||</subfield>
  </datafield>
  <datafield tag="MBD" ind1=" " ind2=" ">
    <subfield code="M">49HBZ_NETWORK</subfield>
    <subfield code="i">990111599060206441</subfield>
    <subfield code="n">HBZ Network</subfield>
  </datafield>
  <datafield tag="MNG" ind1=" " ind2=" ">
    <subfield code="c">System</subfield>
    <subfield code="f">ILS</subfield>
    <subfield code="i">marc21</subfield>
    <subfield code="k">01</subfield>
    <subfield code="e">false</subfield>
    <subfield code="d">2021-04-08 10:41:05 Europe/Berlin</subfield>
    <subfield code="g">011159906-HBZ01</subfield>
    <subfield code="j">60</subfield>
    <subfield code="a">import</subfield>
    <subfield code="b">2021-04-05 08:27:37 Europe/Berlin</subfield>
  </datafield>
  <datafield tag="GPN" ind1="1" ind2=" ">
    <subfield code="a">Fischer, Ferdinand</subfield>
    <subfield code="d">1936-</subfield>
    <subfield code="A">GND</subfield>
    <subfield code="B">GND-124418376</subfield>
    <subfield code="C">400</subfield>
  </datafield>
  <datafield tag="GPN" ind1="1" ind2=" ">
    <subfield code="a">Fischer, Ferdinand G. B.</subfield>
    <subfield code="d">1936-</subfield>
    <subfield code="A">GND</subfield>
    <subfield code="B">GND-124418376</subfield>
    <subfield code="C">400</subfield>
  </datafield>
  <datafield tag="GSI" ind1="7" ind2=" ">
    <subfield code="a">http://d-nb.info/gnd/124418376</subfield>
    <subfield code="2">uri</subfield>
    <subfield code="A">GND</subfield>
    <subfield code="B">GND-124418376</subfield>
    <subfield code="C">024</subfield>
  </datafield>
</record>